<collection xmlns="http://www.loc.gov/MARC21/slim">
<record>
  <leader>01320nam0a2200229 i 450 </leader>
  <controlfield tag="001">IT\ICCU\CNCE\018582</controlfield>
  <controlfield tag="005">20120710000000.0</controlfield>
  <datafield tag="012" ind1=" " ind2=" ">
    <subfield code="a">t.it rere i-e- NePr (C) 1515 (R)</subfield>
    <subfield code="2">fei</subfield>
  </datafield>
  <datafield tag="100" ind1=" " ind2=" ">
    <subfield code="a">19970101d1515        0itac0103    ba</subfield>
  </datafield>
  <datafield tag="101" ind1=" " ind2=" ">
    <subfield code="a">LAT</subfield>
  </datafield>
  <datafield tag="102" ind1=" " ind2=" ">
    <subfield code="a">IT</subfield>
  </datafield>
  <datafield tag="200" ind1="1" ind2=" ">
    <subfield code="a">In primo libro. Franciscus Pharaonius De octo partibus orationis cum suis accidentibus uberius quam in altera editione peregit: nec non de uerborum regimine multiplicique natura ... In secundo. De figuris earumque diffinitionibus per ethymologias: necnonde ordine naturali partium orationis deque earum constructione &amp; uaria uerborum compositione ... In tertio. De componendis epistolis: de punctis &amp; ornatu elocutionis copiosius quam in altera editione ...</subfield>
  </datafield>
  <datafield tag="210" ind1=" " ind2=" ">
    <subfield code="e">Impressum Neapoli</subfield>
    <subfield code="g">per Sigismundum Mayr Alemanum</subfield>
    <subfield code="h">1515 die X Septembris</subfield>
  </datafield>
  <datafield tag="215" ind1=" " ind2=" ">
    <subfield code="a">\128! c.</subfield>
    <subfield code="d">4ʻ</subfield>
  </datafield>
  <datafield tag="620" ind1=" " ind2=" ">
    <subfield code="a">IT</subfield>
    <subfield code="d">Napoli</subfield>
  </datafield>
  <datafield tag="700" ind1=" " ind2="1">
    <subfield code="a">Faraoni,</subfield>
    <subfield code="b">Francesco</subfield>
    <subfield code="3">IT\ICCU\CNCA\005256</subfield>
  </datafield>
  <datafield tag="712" ind1="0" ind2="0">
    <subfield code="a">Mayr, Sigismondo</subfield>
    <subfield code="3">IT\ICCU\CNCT\000066</subfield>
    <subfield code="4">650</subfield>
  </datafield>
  <datafield tag="790" ind1=" " ind2="1">
    <subfield code="a">Pharaonius,</subfield>
    <subfield code="b">Franciscus</subfield>
    <subfield code="3">IT\ICCU\CNCA\013575</subfield>
    <subfield code="z">Faraoni, Francesco</subfield>
  </datafield>
  <datafield tag="790" ind1=" " ind2="1">
    <subfield code="a">Faraone,</subfield>
    <subfield code="b">Francesco</subfield>
    <subfield code="3">IT\ICCU\CNCA\016487</subfield>
    <subfield code="z">Faraoni, Francesco</subfield>
  </datafield>
  <datafield tag="791" ind1="0" ind2="0">
    <subfield code="a">Mayr, Sigmund</subfield>
    <subfield code="3">IT\ICCU\CNCT\005129</subfield>
    <subfield code="z">Mayr, Sigismondo</subfield>
  </datafield>
  <datafield tag="801" ind1=" " ind2="3">
    <subfield code="a">IT</subfield>
    <subfield code="b">ICCU</subfield>
    <subfield code="c">20201114</subfield>
  </datafield>
  <datafield tag="899" ind1=" " ind2=" ">
    <subfield code="a">Biblioteca nazionale Vittorio Emanuele III. Napoli</subfield>
    <subfield code="z">MUTILO</subfield>
    <subfield code="1">NA0079</subfield>
    <subfield code="2">NAP BN</subfield>
  </datafield>
</record>
</collection>
